@Inbook{Helbing2019,
  author          = "Helbing, Dirk and Frey, Bruno S. and Gigerenzer, Gerd and
                  Hafen, Ernst and Hagner, Michael and Hofstetter, Yvonne and
                  van den Hoven, Jeroen and Zicari, Roberto V. and Zwitter,
                  Andrej",
  editor          = "Helbing, Dirk",
  title           = "Will Democracy Survive Big Data and Artificial
                  Intelligence?",
  bookTitle       = "Towards Digital Enlightenment: Essays on the Dark and Light
                  Sides of the Digital Revolution",
  year            = 2019,
  publisher       = "Springer International Publishing",
  address         = "Cham",
  pages           = "73--98",
  abstract        = "We are in the middle of a technological upheaval that will
                  transform the way society is organized. We must make the right
                  decisions now.Enlightenment is man's emergence from his
                  self-imposed immaturity. Immaturity is the inability to use
                  one's understanding without guidance from another.---Immanuel
                  Kant, ``What is Enlightenment?'' (1784)",
  isbn            = "978-3-319-90869-4",
  doi             = "10.1007/978-3-319-90869-4_7",
  url             = "https://doi.org/10.1007/978-3-319-90869-4_7"
}

@Article{Kitchin_2013,
  author          = {Kitchin, Rob},
  title           = {The Real-Time City? Big Data and Smart Urbanism},
  year            = 2013,
  issn            = {1556-5068},
  doi             = {10.2139/ssrn.2289141},
  url             = {http://dx.doi.org/10.2139/ssrn.2289141},
  journal         = {SSRN Electronic Journal},
  publisher       = {Elsevier BV}
}

@Article{Wiig_2016,
  author          = {Wiig, Alan and Wyly, Elvin},
  title           = {Introduction: Thinking through the politics of the smart
                  city},
  year            = 2016,
  volume          = 37,
  number          = 4,
  month           = {May},
  pages           = {485â€“493},
  issn            = {1938-2847},
  doi             = {10.1080/02723638.2016.1178479},
  url             = {http://dx.doi.org/10.1080/02723638.2016.1178479},
  journal         = {Urban Geography},
  publisher       = {Informa UK Limited}
}

@article {elderly_shun_tech,
  author          = {Toh, Ee Ming},
  title           = {Feeling lost in a digital world, some elderly shun
                  technology},
  journaltitle    = {TODAY},
  date            = {Published 28 July, 2017 Updated 08 November, 2017},
  url             =
                  {https://www.todayonline.com/singapore/big-read-feeling-lost-digital-world-some-elderly-shun-technology}
}

@article{fouriezos90_task_diffic_increas_thres_rewar_brain_stimul,
  author          = {George Fouriezos and Catherine Bielajew and Walter Pagotto},
  title           = {Task Difficulty Increases Thresholds of Rewarding Brain
                  Stimulation},
  journal         = {Behavioural Brain Research},
  volume          = 37,
  number          = 1,
  pages           = {1-7},
  year            = 1990,
  doi             = {10.1016/0166-4328(90)90066-n},
  url             = {https://doi.org/10.1016/0166-4328(90)90066-n},
  DATE_ADDED      = {Fri May 1 16:18:20 2020},
}

@article{kong18_ideol_align_smart_urban_singap,
  author          = {Lily Kong and Orlando Woods},
  title           = {The Ideological Alignment of Smart Urbanism in Singapore:
                  Critical Reflections on a Political Paradox},
  journal         = {Urban Studies},
  volume          = 55,
  number          = 4,
  pages           = {679-701},
  year            = 2018,
  doi             = {10.1177/0042098017746528},
  url             = {https://doi.org/10.1177/0042098017746528},
  DATE_ADDED      = {Wed Apr 29 11:42:59 2020},
}

@misc{lhl2014_smart_nation,
  author          = {Lee, Hsien Loong},
  title           = {Smart Nation Launch Speech},
  year            = 2014,
  url             =
                  {https://web.archive.org/web/20160318193506/http://www.pmo.gov.sg/mediacentre/transcript-prime-minister-lee-hsien-loongs-speech-smart-nation-launch-24-november}
}

@article{lum16_to_predic_serve,
  author          = {Kristian Lum and William Isaac},
  title           = {To Predict and Serve?},
  journal         = {Significance},
  volume          = 13,
  number          = 5,
  pages           = {14-19},
  year            = 2016,
  doi             = {10.1111/j.1740-9713.2016.00960.x},
  url             = {https://doi.org/10.1111/j.1740-9713.2016.00960.x},
  DATE_ADDED      = {Fri May 1 16:24:42 2020},
}

@online{racist_robots,
  author          = {Stephen Buranyi},
  url             =
                  {https://www.theguardian.com/inequality/2017/aug/08/rise-of-the-racist-robots-how-ai-is-learning-all-our-worst-impulses},
  date            = { Tue 8 Aug 2017 07.00 BST Last modified on Wed 14 Feb 2018
                  21.10 GMT }
}

@book{republic,
  author          = {Plato},
  title           = {Republic},
  year            = 1992,
  pages           = 91,
  publisher       = {Hackett Publishing Company,Inc}
}

@online{smart_nation,
  author          = "{Smart Nation and Digital Government Office}",
  url             =
                  {https://www.smartnation.gov.sg/why-Smart-Nation/transforming-singapore},
  date            = {Apr 2020}
}

@book{walden_two,
  author          = {B.F. Skinner},
  title           = {Walden Two},
  year            = 1976,
  pages           = 96,
  publisher       = {Hackett Publishing Company,Inc}
}

@book{wmd,
  author          = {Cathy O'Neil},
  title           = {Weapons of Math Destruction},
  year            = 2017,
  pages           = {75-78},
  publisher       = {PENGUIN Books}
}
