@Article{Kitchin_2013,
  author          = {Kitchin, Rob},
  title           = {The Real-Time City? Big Data and Smart Urbanism},
  year            = 2013,
  issn            = {1556-5068},
  doi             = {10.2139/ssrn.2289141},
  url             = {http://dx.doi.org/10.2139/ssrn.2289141},
  journal         = {SSRN Electronic Journal},
  publisher       = {Elsevier BV}
}

@Article{Wiig_2016,
  author          = {Wiig, Alan and Wyly, Elvin},
  title           = {Introduction: Thinking through the politics of the smart
                  city},
  year            = 2016,
  volume          = 37,
  number          = 4,
  month           = {May},
  pages           = {485â€“493},
  issn            = {1938-2847},
  doi             = {10.1080/02723638.2016.1178479},
  url             = {http://dx.doi.org/10.1080/02723638.2016.1178479},
  journal         = {Urban Geography},
  publisher       = {Informa UK Limited}
}

@article{kong18_ideol_align_smart_urban_singap,
  author          = {Lily Kong and Orlando Woods},
  title           = {The Ideological Alignment of Smart Urbanism in Singapore:
                  Critical Reflections on a Political Paradox},
  journal         = {Urban Studies},
  volume          = 55,
  number          = 4,
  pages           = {679-701},
  year            = 2018,
  doi             = {10.1177/0042098017746528},
  url             = {https://doi.org/10.1177/0042098017746528},
  DATE_ADDED      = {Wed Apr 29 11:42:59 2020},
}
