@InCollection{coquand2019type,
author={Coquand, Thierry},
title={{Type Theory}},
booktitle={The {Stanford} Encyclopedia of Philosophy},
editor={Edward N. Zalta},
howpublished={\url{https://plato.stanford.edu/archives/fall2018/entries/type-theory/}},
year=2018,
edition={{F}all 2018},
publisher={Metaphysics Research Lab, Stanford University}
}

@article{pelayo2014homotopy,
  title={Homotopy type theory and Voevodsky’s univalent foundations},
  author={Pelayo, {\'A}lvaro and Warren, Michael},
  journal={Bulletin of the American Mathematical Society},
  volume={51},
  number={4},
  pages={597--648},
  year={2014}
}
@misc{awodey2013voevodskys,
      title={Voevodsky's Univalence Axiom in homotopy type theory},
      author={Steve Awodey and Álvaro Pelayo and Michael A. Warren},
      year={2013},
      eprint={1302.4731},
      archivePrefix={arXiv},
      primaryClass={math.HO}
}
@Book{hottbook,
  author =    {The {Univalent Foundations Program}},
  title =     {Homotopy Type Theory: Univalent Foundations of Mathematics},
  publisher = {\url{https://homotopytypetheory.org/book}},
  address =   {Institute for Advanced Study},
  year =      2013}
@misc{cohen2016cubical,
      title={Cubical Type Theory: a constructive interpretation of the univalence axiom},
      author={Cyril Cohen and Thierry Coquand and Simon Huber and Anders Mörtberg},
      year={2016},
      eprint={1611.02108},
      archivePrefix={arXiv},
      primaryClass={cs.LO}
}
@article{barendregt_1991, title={Introduction to generalized type systems},
                  volume={1}, DOI={10.1017/S0956796800020025}, number={2},
                  journal={Journal of Functional Programming},
                  publisher={Cambridge University Press}, author={Barendregt,
                  Henk}, year={1991}, pages={125–154}}

@article{hofmann1998groupoid,
  title={The groupoid interpretation of type theory},
  author={Hofmann, Martin and Streicher, Thomas},
  journal={Twenty-five years of constructive type theory (Venice, 1995)},
  volume={36},
  pages={83--111},
  year={1998}
}

@article{church1940formulation,
  title={A formulation of the simple theory of types},
  author={Church, Alonzo},
  journal={The journal of symbolic logic},
  volume={5},
  number={2},
  pages={56--68},
  year={1940},
  publisher={Cambridge University Press}
}

@article{church1932postulates,
 title = {A Set of Postulates for the Foundation of Logic},
 author = {Alonzo Church},
 journal = {Annals of Mathematics},
 ISSN = {0003486X},
 URL = {http://www.jstor.org/stable/1968337},
 number = 2,
 pages = {346--366},
 publisher = {Annals of Mathematics},
 volume = 33,
 year = 1932
}
@article{harper1993framework,
  title={A framework for defining logics},
  author={Harper, Robert and Honsell, Furio and Plotkin, Gordon},
  journal={Journal of the ACM (JACM)},
  volume={40},
  number={1},
  pages={143--184},
  year={1993},
  publisher={ACM New York, NY, USA}
}
@phdthesis{coquand1986calculus,
  title={The calculus of constructions},
  author={Coquand, Thierry and Huet, G{\'e}rard},
  year={1986},
  school={INRIA}
}
@misc{paulin2015introduction,
  title={Introduction to the calculus of inductive constructions},
  author={Paulin-Mohring, Christine},
  year={2015},
  publisher={College Publications}
}
@article{howard1980formulae,
  title={The formulae-as-types notion of construction},
  author={Howard, William A},
  journal={To HB Curry: essays on combinatory logic, lambda calculus and formalism},
  volume={44},
  pages={479--490},
  year={1980}
}
@article {Curry584,
	author = {Curry, H. B.},
	title = {Functionality in Combinatory Logic},
	volume = {20},
	number = {11},
	pages = {584--590},
	year = {1934},
	doi = {10.1073/pnas.20.11.584},
	publisher = {National Academy of Sciences},
	issn = {0027-8424},
	URL = {https://www.pnas.org/content/20/11/584},
	eprint = {https://www.pnas.org/content/20/11/584.full.pdf},
	journal = {Proceedings of the National Academy of Sciences}
}
 @misc{hottOpenProblem,
 title={Homotopy type theory open problems},
                  url={https://ncatlab.org/homotopytypetheory/show/open+problems},
                  journal={open problems in Homotopy Type Theory},
                  publisher={nLab}, year={2019}, month={Nov}}

 @misc{hottOpenProblem2019,
                  title={Homotopy type theory HOTT2019 summer school open
                  problems list},
                  url={https://ncatlab.org/homotopytypetheory/show/HoTT2019+Summer+School+open+problems+list},
                  journal={HoTT2019 Summer School open problems list in Homotopy
                  Type Theory}, year={2019}, month={Aug}}
