 @misc{passes,
 title={Passes (GNU compiler collection (GCC) internals)},
 url={https://gcc.gnu.org/onlinedocs/gccint/Passes.html#Passes},
 author={GCC},
 year={2021},
 note={\url{https://gcc.gnu.org/onlinedocs/gccint/Passes.html#Passes},
 last accessed \today},
 }
 @misc{parsing-pass,
 title={Parsing pass (GNU compiler collection (GCC) internals)},
 url={https://gcc.gnu.org/onlinedocs/gccint/Parsing-pass.html#Parsing-pass},
 author={GCC},
 year={2021},
 note={\url{https://gcc.gnu.org/onlinedocs/gccint/Parsing-pass.html#Parsing-pass},
 last accessed \today},
 }
 @misc{gimplification-pass,
 title={Gimplification pass (GNU compiler collection (GCC) internals)},
 url={https://gcc.gnu.org/onlinedocs/gccint/Gimplification-pass.html#Gimplification-pass},
 author={GCC},
 year={2021},
 note={\url{https://gcc.gnu.org/onlinedocs/gccint/Gimplification-pass.html#Gimplification-pass},
 last accessed \today},
 }

 @misc{rtl-passes,
 title={RTL Passes(GNU compiler collection (GCC) internals)},
 url={https://gcc.gnu.org/onlinedocs/gccint/RTL-passes.html#RTL-passes},
 author={GCC},
 year={2021},
 note={\url{https://gcc.gnu.org/onlinedocs/gccint/RTL-passes.html#RTL-passes},
 last accessed \today},
 }
 @misc{tree-ssa-passes,
 title={Tree SSA Passes (GNU compiler collection (GCC) internals)},
 url={https://gcc.gnu.org/onlinedocs/gccint/Tree-SSA-passes.html#Tree-SSA-passes},
 author={GCC},
 year={2021},
 note={\url{https://gcc.gnu.org/onlinedocs/gccint/Tree-SSA-passes.html#Tree-SSA-passes},
 last accessed \today},
 }
 @misc{novillo_2004,
 title={From source to binary: The inner workings of GCC},
 url={https://web.archive.org/web/20160410185222/https://www.redhat.com/magazine/002dec04/features/gcc/},
 journal={Red Hat Magazine - From Source to Binary: The Inner Workings of GCC | Red Hat},
 publisher={Red Hat Magazine},
 author={Novillo, Diego}, year={2004}, month={Dec}}
